@MISC{gameCost,
  	title = {How Much Does It Cost To Make A Big Video Game?},
  	howpublished = {\url{http://kotaku.com/how-much-does-it-cost-to-make-a-big-video-game-1501413649}},
  	note = {[Accessed: 2015-01-20]}
}

@MISC{gameCloses,
  	title = {Every Game Studio That's Closed Down Since 2006},
  	howpublished = {\url{http://kotaku.com/5876693/every-game-studio-thats-closed-down-since-2006}},
  	note = {[Accessed: 2015-01-20]}
}

@MISC{pcgHistory,
  	title = {History of video games},
  	howpublished = {\url{http://en.wikipedia.org/wiki/History_of_video_games}},
  	note = {[Accessed: 2015-01-18]}
}

@MISC{puzzleScript,
  	title = {Puzzle Script},
  	howpublished = {\url{http://www.puzzlescript.net/}},
  	note = {[Accessed: 2015-01-19]}
}

@MISC{sokoban,
  	title = {Sokoban},
  	howpublished = {\url{http://en.wikipedia.org/wiki/Sokoban}},
  	note = {[Accessed: 2015-01-19]}
}

@MISC{bfxr,
	title = {BFXR},
	howpublished = {\url{http://www.bfxr.net/}},
	note = {[Accessed: 2015-01-19]}
}

@MISC{mcGenerateEverything,
  	title = {Generate Everything},
 	howpublished = {\url{http://vimeo.com/92623463}},
  	note = {[Accessed: 2015-01-19]}
}

@MISC{pcgFirstGame,
  	title = {Akalabeth},
  	howpublished = {\url{http://www.filfre.net/2011/12/akalabeth/}},
  	note = {[Accessed: 2015-01-18]}
}

@MISC{budgetAAA,
  	title = {What is the budget breakdown of AAA games?},
  	howpublished = {\url{http://www.quora.com/What-is-the-budget-breakdown-of-AAA-games}},
  	note = {[Accessed: 2015-01-21]}
}

@MISC{threesTime,
  	title = {The Rip-offs and Making Our Original Game},
  	howpublished = {\url{http://asherv.com/threes/threemails/}},
  	note = {[Accessed: 2015-01-21]}
}

@MISC{geneticAlgorithm,
	title = {Genetic Algorithm},
  	howpublished = {\url{http://en.wikipedia.org/wiki/Genetic_algorithm}},
  	note = {[Accessed: 2015-01-18]}
}

@MISC{nuclearThrone,
	title = {Random level generation in Wasteland Kings},
  	howpublished = {\url{http://www.vlambeer.com/2013/04/02/random-level-generation-in-wasteland-kings/}},
  	note = {[Accessed: 2015-01-18]}
}

@MISC{lennaInception,
	title = {Overworld Overview},
  	howpublished = {\url{http://bytten-studio.com/devlog/2014/09/08/overworld-overview-part-1/}},
  	note = {[Accessed: 2015-03-15]}
}

@MISC{fruitDating,
	title = {Procedural Generation of Puzzle Game Levels},
  	howpublished = {\url{http://www.gamedev.net/page/resources/_/technical/game-programming/procedural-generation-of-puzzle-game-levels-r3862}},
  	note = {[Accessed: 2015-02-24]}
}

@MISC{spelunky,
	title = {Spelunky},
  	howpublished = {\url{http://en.wikipedia.org/wiki/Spelunky}},
  	note = {[Accessed: 2015-03-15]}
}

@MISC{spelunkyTechnique,
	title = {The Full Spelunky on Spelunky},
  	howpublished = {\url{http://makegames.tumblr.com/post/4061040007/the-full-spelunky-on-spelunky}},
  	note = {[Accessed: 2015-03-15]}
}

@MISC{theBindingOfIsaacTechnique,
	title = {The Binding of Isaac},
  	howpublished = {\url{http://edmundmcmillen.blogspot.com/2011/09/binding-of-isaac-gameplay-explained.html}},
  	note = {[Accessed: 2015-03-15]}
}

@inproceedings{mechanicMiner,
  author    = {Michael Cook and Simon Colton and Azalea Raad and Jeremy Gow},
  title     = {Mechanic Miner: Reflection-Driven Game Mechanic Discovery and Level Design},
  booktitle = {Applications of Evolutionary Computation - 16th European Conference, EvoApplications 2013, Vienna, Austria, April 3-5, 2013. Proceedings},
  pages     = {284--293},
  year      = {2013}
}

@incollection{pcgBookSearch,
	author = {Togelius, Julian and Shaker, Noor and Nelson, Mark J.},
	title = {The search-based approach},
	booktitle = {Procedural Content Generation in Games: A Textbook and an Overview of Current Research},
	editor = {Shaker, Noor and Togelius, Julian and Nelson, Mark J.},
	publisher = {Springer},
	year = {2015}
}

@incollection{pcgBookRules,
	author = {Togelius, Julian and Shaker, Noor and Nelson, Mark J.},
	title = {Rules and mechanics},
	booktitle = {Procedural Content Generation in Games: A Textbook and an Overview of Current Research},
	editor = {Shaker, Noor and Togelius, Julian and Nelson, Mark J.},
	publisher = {Springer},
	year = {2015}
}

@incollection{gvgp,
	author = {John Levine and Clare Bates Congdon and Marc Ebner and Graham Kendall and Simon M. Lucas and Risto Miikkulainen and Tom Schaul and Tommy Thompson},
  	title = {{General Video Game Playing}},
  	booktitle = {Artificial and Computational Intelligence in Games},
	pages = {77--83},
	series = {Dagstuhl Follow-Ups},
	ISBN = {978-3-939897-62-0},
	ISSN = {1868-8977},
	year = {2013},
	volume = {6},
	editor = {Simon M. Lucas and Michael Mateas and Mike Preuss and Pieter Spronck and Julian Togelius},
	publisher = {Schloss Dagstuhl--Leibniz-Zentrum fuer Informatik},
	address = {Dagstuhl, Germany},
	URL = {http://drops.dagstuhl.de/opus/volltexte/2013/4337},
	URN = {urn:nbn:de:0030-drops-43374},
	doi = {http://dx.doi.org/10.4230/DFU.Vol6.12191.77},
	annote = {Keywords: Video games, artificial intelligence, artificial general intelligence}
}

@incollection{vgdl,
	author = {Marc Ebner and John Levine and Simon M. Lucas and Tom Schaul and Tommy Thompson and Julian Togelius},
	title = {{Towards a Video Game Description Language}},
	booktitle = {Artificial and Computational Intelligence in Games},
	pages = {85--100},
	series = {Dagstuhl Follow-Ups},
	ISBN = {978-3-939897-62-0},
	ISSN = {1868-8977},
	year = {2013},
	volume = {6},
	editor = {Simon M. Lucas and Michael Mateas and Mike Preuss and Pieter Spronck and Julian Togelius},
	publisher = {Schloss Dagstuhl--Leibniz-Zentrum fuer Informatik},
	address = {Dagstuhl, Germany},
	URL = {http://drops.dagstuhl.de/opus/volltexte/2013/4338},
	URN = {urn:nbn:de:0030-drops-43385},
	doi = {http://dx.doi.org/10.4230/DFU.Vol6.12191.85},
	annote = {Keywords: Video games, description language, language construction}
}

@inproceedings{sokobanLevelGenerationNew,
  author = {Taylor, Joshua and Parberry, Ian},
  title = {Procedural Generation of {S}okoban Levels},
  booktitle = {Proceedings of the International North American Conference on Intelligent Games and Simulation ({GAMEON-NA})},
  location = {Troy NY},
  pages = {5--12},
  publisher={{EUROSIS}},
  year = {2011}
}

@inproceedings{sokobanLevelGenerationOld,
  author    = {Yoshio Murase and Hitoshi Matsubara and Yuzuru Hiraga},
  title     = {Automatic Making of Sokoban Problems},
  booktitle = {PRICAI'96: Topics in Artificial Intelligence, 4th Pacific Rim International Conference on Artificial Intelligence, Cairns, Australia, August 26-30, 1996, Proceedings},
  pages     = {592--600},
  year      = {1996},
  crossref  = {DBLP:conf/pricai/1996}
}

@inproceedings{ctrSimulationApproach,
  author = {Shaker, Noor and Shaker, Mohammad and Togelius, Julian},
  booktitle = {Artificial Intelligence and Interactive Digital Entertainment},
  crossref = {conf/aiide/2013},
  editor = {Sukthankar, Gita and Horswill, Ian},
  publisher = {AAAI},
  title = {Evolving Playable Content for Cut the Rope through a Simulation-Based Approach.},
  year = {2013}
}

@inproceedings{ctrProgressiveApproach,
  author = {Shaker, Mohammad and Shaker, Noor and Togelius, Julian and Abou Zleikha, Moahmed},
  title = {A Progressive Approach to Content Generation},
  booktitle = {EvoGames: Applications of Evolutionary Computation},
  year = {2015}
}

@inproceedings{ctrAutomaticGeneration,
  author = {Shaker, Mohammad and Sarhan, Mhd Hasan and Naameh, Ola Al and Shaker, Noor and Togelius, Julian},
  booktitle = {Proceedings of the IEEE Conference on Computational Intelligence and Games},
  crossref = {conf/cig/2013},
  pages = {1-8},
  publisher = {IEEE},
  title = {Automatic generation and analysis of physics-based puzzle games.},
  year = {2013}
}

@inproceedings{kgrAutomaticGeneration,
	author = {David Williams-King and JÃ¶rg Denzinger and John Aycock and Ben Stephenson},
	title = {The Gold Standard: Automatically Generating Puzzle Game Levels},
	booktitle = {AAAI Conference on Artificial Intelligence and Interactive Digital Entertainment},
	year = {2012},
}

@inproceedings{refractionStudy,
  author = {Smith, Adam M. and Andersen, Erik and Mateas, Michael and Popovic, Zoran},
  booktitle = {Foundations of Digital Games},
  crossref = {conf/fdg/2012},
  pages = {156-163},
  publisher = {ACM},
  title = {A case study of expressively constrainable level design automation tools for a puzzle game.},
  year = {2012}
}

@inproceedings{goodDiverseLevels,
author = {Mike Preuss and Antonios Liapis and Julian Togelius},
title = {Searching for Good and Diverse Game Levels},
booktitle = {Proceedings of the IEEE Conference on Computational Intelligence and Games},
year = {2014},
}

@inproceedings{noveltySearch,
title = {Enhancements to Constrained Novelty Search: Two-Population Novelty Search for Generating Game Content},
publisher = {ACM},
author = {Antonios Liapis and Yannakakis, Georgios N. and Julian Togelius},
pages = {343-350},
booktitle = {GECCO '13 Proceedings of the fifteenth annual conference on Genetic and evolutionary computation conference},
year = {2013},
}

@inproceedings{spelunkyLevelGeneration,
title = {Enhancements to Constrained Novelty Search: Two-Population Novelty Search for Generating Game Content},
author = {Baghdadi, Walaa and Shams Eddin, Fawzya and Al-Omari, Rawan and Alhalawani, Zeina and Shaker, Mohammad and Shaker, Noor},
booktitle = {Proceedings of EvoGames: Applications of Evolutionary Computation, Lecture Notes on Computer Science},
year = {2015},
}

@inproceedings{superMarioPattern1,
author = {Dahlskog, Steve and Togelius, Julian},
title = {Patterns and Procedural Content Generation: Revisiting Mario in World 1 Level 1},
booktitle = {Proceedings of the First Workshop on Design Patterns in Games},
year = {2012},
pages = {1:1--1:8},
publisher = {ACM},
}

@inproceedings{superMarioPattern2,
author = {Dahlskog, Steve and Togelius, Julian},
title = {Patterns as Objectives for Level Generation},
booktitle = {Proceedings of the Workshop on Design Patterns in Games at FDG},
year = {2013},
publisher = {ACM},
}

@inproceedings{superMarioPattern3,
author = {Dahlskog, Steve and Togelius, Julian},
title = {Procedural Content Generation Using Patterns as Objectives},
booktitle = {Proceedings of EvoGames, part of EvoStar},
year = {2014},
}

@inproceedings{superMarioPattern4,
author = {Dahlskog, Steve and Togelius, Julian},
title = {A Multi-level Level Generator},
booktitle = {Proceedings of the IEEE Conference on Computational Intelligence and Games},
year = {2014},
}

@inproceedings{nmfSuperMarioBros,
author = {Shaker, Noor and Abou-Zleikha, Mohamed},
title = {Alone We Can Do So Little, Together We Can Do So Much: A Combinatorial Approach for Generating Game Content},
booktitle = {Proceedings of Artificial Intelligence and Interactive Digital Entertainment},
year = {2014},
}

@inproceedings{markovSuperMarioBros,
author = {Snodgrass, Sam and OntaÃ±Ã³n, Santiago},
title = {Experiments in map generation using Markov chains},
booktitle = {Proceedings of the International Conference on the Foundations of Digital Games},
year = {2014},
}